@misc{who2019,
	title = {International Classification of Diseases Tenth Revision (ICD-10)},
	author = {WHO, World Health Organization},
	year = {2019},
	date = {2019},
	url = {https://icd.who.int/browse10/2019/en}
}

@techreport{who2020,
	title = {WHO methods and data sources for country-level causes of death 2000-2019},
	author = {WHO, World Health Organization},
	institution = {World Health Organization},
	year = {2020},
	month = {12},
	date = {2020-12},
	pages = {59},
	url = {https://www.who.int/docs/default-source/gho-documents/global-health-estimates/ghe2019_cod_methods.pdf},
	note = {ISBN: 978-92-4-008651-7},
	address = {Geneva},
	langid = {en}
}

@misc{who2022,
	title = {WHO Mortality Database},
	author = {WHO, World Health Organization},
	year = {2022},
	date = {2022},
	url = {https://platform.who.int/mortality/themes/theme-details/topics/indicator-groups/indicator-group-details/MDB/road-traffic-accidents},
	address = {Geneva},
}

@book{brasil2019,
	title = {Saúde Brasil 2018: uma análise de situação e das doenças e agravos crônicos: desafios e perspectivas},
	author = {Brasil, {Ministério da Saúde}},
	year = {2019},
	month = {09},
	date = {2019-09-04},
	publisher = {MS},
	edition = {1},
	url = {https://svs.aids.gov.br/daent/centrais-de-conteudos/publicacoes/saude-brasil/saude-brasil-2018-analise-situacao-saude-doencas-agravos-cronicos-desafios-pespectivas.pdf},
	address = {Brasília, DF},
	langid = {brazilian}
}

@misc{brasil2024,
	title = {Sistema de Informação sobre Mortalidade do Sistema Único de Saúde - SIM DATASUS},
	author = {Brasil, {Ministério da Saúde}},
	year = {2024},
	date = {2024},
	url = {https://datasus.saude.gov.br/transferencia-de-arquivos/#}
}

@article{bhalla2015,
	title = {GBD-2010 overestimates deaths from road injuries in OECD countries: new methods perform poorly},
	author = {Bhalla, Kavi and Harrison, James E},
	year = {2015},
	month = {10},
	date = {2015-10},
	journal = {International Journal of Epidemiology},
	pages = {1648--1656},
	volume = {44},
	number = {5},
	doi = {10.1093/ije/dyv019},
	url = {https://academic.oup.com/ije/article-lookup/doi/10.1093/ije/dyv019},
	langid = {en}
}

@article{bhalla2023,
	title = {Assessing discrepancies in estimates of road traffic deaths in Brazil},
	author = {Bhalla, Kavi and Job, Soames and Mitra, Sudeshna and Harrison, James E and Mbugua, Leah Watetu and Neki, Kazuyuki and Gutierrez, Hialy and Balasubramaniyan, Ramshankar and Winer, Mercer and Vos, Theo and Hamilton, Erin},
	year = {2023},
	month = {10},
	date = {2023-10},
	journal = {Injury Prevention},
	pages = {412--417},
	volume = {29},
	number = {5},
	doi = {10.1136/ip-2023-044871},
	url = {https://injuryprevention.bmj.com/lookup/doi/10.1136/ip-2023-044871},
	langid = {en}
}

@Manual{rcoreteam2024,
	title = {R: A Language and Environment for Statistical Computing},
	author = {{R Core Team}},
	organization = {R Foundation for Statistical Computing},
	address = {Vienna, Austria},
	year = {2024},
	url = {https://www.R-project.org/},
  }
